@misc{boccato2024,
  author = "Boccato, L.",
  title = "{Tópico 12: Sistemas Imunológicos}",
  year = "s.d.",
  url = "https://www.dca.fee.unicamp.br/~lboccato/topico_12_sistemas_imunologicos.pdf",
  note = "[Online; acessado em 27-Abril-2024]"
}

@phdthesis{nunes2001,
  author = "Nunes, L.",
  title = "{Defesa de Doutorado}",
  school = "Universidade Estadual de Campinas",
  year = "2001",
  url = "https://www.dca.fee.unicamp.br/~vonzuben/research/lnunes_dout/defesa/apresentacao.pdf",
  note = "[Online; acessado em 27-Abril-2024]"
}

@article{greensmith2022,
  title="{Artificial Immune Systems}",
  author="Greensmith, J. and Whitbrook, A. and Aickelin, U.",
  school="University of Nottingham",
  year={2022},
  url = {https://arxiv.org/pdf/1006.4949},
  note = "[Online; acessado em 27-Abril-2024]"
}

@misc{castro1999,
    author = "Castro, L. and Zuben, F. J. V.",
    title = "Artificial Immune Systems: Part I - Basic Theory and Applications",
    school = "UNICAMP",
    year = "1999",
    url = {https://www.researchgate.net/publication/228712042_Artificial_Immune_Systems_Part_I-Basic_Theory_and_Applications},
    note = "[Online; acessado em 27-Abril-2024]"
}

@misc{williams2024,
  author = "Williams, M. and Daneshyari, M. D.",
  title = "{Clonal vs. Negative Selection in 
Artificial Immune Systems (AIS)}",
  school = "Hampton University",
  year = "s.d.",
  url = {https://www.admiusa.org/admi2016/Papers_Graduate_Student/ADMI2016_Williams_Artificial%20Imune%20Systems.pdf},
  note = "[Online; acessado em 27-Abril-2024]"
}

@misc{todamateria2024,
  author = "{Toda Matéria}",
  title = "{Linfócitos}",
  year = "2024",
  url = "https://www.todamateria.com.br/linfocitos/",
  note = "[Online; acessado em 27-Abril-2024]"
}

@misc{santos2024linfocitos,
    author = "Santos, V. S.",
    title = "{Linfócitos}",
    year = "s.d.",
    url = {https://mundoeducacao.uol.com.br/biologia/linfocitos.htm},
    note = "[Online; acessado em 27-Abril-2024]"
}

@misc{santos2024antigenos,
    author = "Santos, V. S.",
    title = "{Antígeno, anticorpo e vacinação}",
    year = "s.d.",
    url = {https://brasilescola.uol.com.br/biologia/antigeno-anticorpo-vacinacao.htm},
    note = "[Online; acessado em 27-Abril-2024]"
}

@Inbook{Lemke2005,
author="Lemke, Hilmar",
editor="Vohr, Hans-Werner",
title="Idiotype Network",
bookTitle="Encyclopedia of Immunotoxicology",
year="2005",
publisher="Springer Berlin Heidelberg",
address="Berlin, Heidelberg",
pages="1--16",
isbn="978-3-642-27786-3",
doi="10.1007/978-3-642-27786-3_733-2",
url="https://doi.org/10.1007/978-3-642-27786-3_733-2"
}

@misc{tuasaude2022,
  author = "Lemos, M.",
  title = "{Células Dendríticas}",
  year = "2022",
  url = "https://www.tuasaude.com/celulas-dendriticas/",
  note = "[Online; acessado em 27-Abril-2024]"
}

@misc{cursa2024,
  author = "Cursa",
  title = "{Tipos de Dados: Tipos de Dados Compostos}",
  year = "2024",
  url = "https://cursa.app/pt/pagina/tipos-de-dados-tipos-de-dados-compostos",
  note = "[Online; acessado em 28-Abril-2024]"
}

@misc{maiconramos2024,
  author = "Maicon Ramos",
  title = "{O que é Noisy Data (Dados Ruidosos)?}",
  year = "2024",
  url = "https://glossario.maiconramos.com/glossario/o-que-e-noisy-data-dados-ruidosos/",
  note = "[Online; acessado em 28-Abril-2024]"
}

@misc{cisce2024,
  author = "Cisce",
  title = "{O que é maturação celular?}",
  year = "2024",
  url = "https://cisce.com.br/glossario/o-que-e-maturacao-celular/",
  note = "[Online; acessado em 28-Abril-2024]"
}

@misc{aispackage2024,
  author = "AISP",
  title = "{Negative Selection}",
  year = "2024",
  url = "https://ais-package.github.io/pt-br/docs/aisp-techniques/Negative%20Selection/",
  note = "[Online; acessado em 28-Abril-2024]"
}

@misc{maestrovirtuale2024,
  author = "Maestrovirtuale",
  title = "{Linfócitos T: estrutura, funções, tipos, maturação}",
  year = "2024",
  url = "https://maestrovirtuale.com/linfocitos-t-estrutura-funcoes-tipos-maturacao/",
  note = "[Online; acessado em 28-Abril-2024]"
}

@misc{microbiologybook2024,
  author = "Ghaffar, A.",
  title = "{Chapter 16: The Adaptive Immune Response}",
  year = "2024",
  url = "https://microbiologybook.org/Portuguese/immuno-port-chapter16.htm",
  note = "[Online; acessado em 28-Abril-2024]"
}

@misc{weisstein2024,
  author = "Weisstein, Eric W.",
  title = "{Hypersphere -- from Wolfram MathWorld}",
  year = "2024",
  url = "https://mathworld.wolfram.com/Hypersphere.html",
  note = "[Online; acessado em 28-Abril-2024]"
}

@misc{ndimensional2022,
  author = "Habbema, H.",
  title = "{Modelagem Dimensional na Prática}",
  year = "2022",
  url = "https://medium.com/@habbema/modelagem-dimensional-na-pr%C3%A1tica-f7d1eaa7eb38",
  note = "[Online; acessado em 28-Abril-2024]"
}

@misc{petrikicz2016,
  author = "Petrikicz, D. H. and Oliveira, B. R. and Abreu, C. C. E.",
  title = "{Aplicação do algoritmo de seleção negativa na detecção de arritmias cardíacas}",
  year = "2016",
  url = "https://www.academia.edu/28135173/Aplica%C3%A7%C3%A3o_do_algoritmo_de_sele%C3%A7%C3%A3o_negativa_na_detec%C3%A7%C3%A3o_de_arritmias_card%C3%ADacas",
  note = "[Online; acessado em 28-Abril-2024]"
}

@misc{cunha2012,
  author = "Cunha, L. G. and Oliveira, F. L.",
  title = "{Implementação do algoritmo de seleção negativa para detecção de spams}",
  year = "2012",
  url = "https://ulbra-to.br/encoinfo/edicoes/2012/artigos/implementacao-do-algoritmo-de-selecao-negativa-para-deteccao-de-spams/",
  note = "[Online; acessado em 28-Abril-2024]"
}

@misc{optainet2015,
  author = "Souza, S. S. F. and Romero, R.",
  title = "{ALGORITMO IMUNOLÓGICO ARTIFICIAL OPT-AINET APLICADO A RECONFIGURAÇÃO DE SISTEMAS DE DISTRIBUIÇÃO CONSIDERANDO DEMANDAS VARIÁVEIS}",
  year = "2015",
  school = "UNESP",
  url = "https://docplayer.com.br/8387899-Algoritmo-imunologico-artificial-opt-ainet-aplicado-a-reconfiguracao-de-sistemas-de-distribuicao-considerando-demandas-variaveis.html",
  note = "[Online; acessado em 28-Abril-2024]"
}

@misc{optainet2015,
  author = "Souza, S. S. F. and Romero, R.",
  title = "{ALGORITMO IMUNOLÓGICO ARTIFICIAL OPT-AINET APLICADO A RECONFIGURAÇÃO DE SISTEMAS DE DISTRIBUIÇÃO CONSIDERANDO DEMANDAS VARIÁVEIS}",
  year = "2015",
  school = "UNESP",
  url = "https://docplayer.com.br/8387899-Algoritmo-imunologico-artificial-opt-ainet-aplicado-a-reconfiguracao-de-sistemas-de-distribuicao-considerando-demandas-variaveis.html",
  note = "[Online; acessado em 28-Abril-2024]"
}

@online{niching2024,
  author = "Boccato, L.",
  title = "Tópico 6: niching",
  year = "s.d.",
  url = "https://www.dca.fee.unicamp.br/~lboccato/topico_6_niching.pdf",
  note = "[Online; acessado em 28-Abril-2024]"
}

@online{limiarizacao2024,
  author = "eDisciplinas",
  title = "Processamento de Imagens Segmentação",
  year = "s.d.",
  url = "https://edisciplinas.usp.br/pluginfile.php/1086819/mod_resource/content/1/Segmenta%C3%A7%C3%A3o2016.pdf",
  note = "[Online; acessado em 28-Abril-2024]"
}

@online{pvc2011,
  author = "Taufer, F. S. G. and Pereira, E. C.",
  title = "APLICAÇÃO DO PROBLEMA DO CAIXEIRO VIAJANTE NA OTIMIZAÇÃO DE ROTEIROS",
  year = "2011",
  url = "https://abepro.org.br/biblioteca/enegep2011_TN_STO_140_885_18795.pdf",
  note = "[Online; acessado em 28-Abril-2024]"
}

@online{matufrgs2024,
  author = "Instituto de Matemática e Estatística da UFRGS",
  title = "O Problema do Caixeiro Viajante",
  year = "s.d.",
  url = "http://www.mat.ufrgs.br/~portosil/caixeiro.html",
  note = "[Online; acessado em 28-Abril-2024]"
}

@online{fitness2024,
  author = "Conceito.de",
  title = "Fitness - O que é, benefícios, conceito e definição",
  year = 2024,
  url = "https://conceito.de/fitness",
  note = "[Online; acessado em 28-Abril-2024]"
}

@online{outliers2023,
  author = "Cirius Quality",
  title = "O QUE É: OUTLIERS (VALORES ATÍPICOS)",
  year = 2023,
  url = "https://ciriusquality.com.br/glossario/o-que-e-outliers-valores-atipicos/",
  note = "[Online; acessado em 28-Abril-2024]"
}